<?xml version="1.0" encoding="UTF-8"?>
<collection xmlns="http://www.loc.gov/MARC21/slim" xmlns:marc="http://www.loc.gov/MARC21/slim">
<record><leader>01029cam a2200325 a 4500</leader><controlfield tag="005">20180816103119.0</controlfield><controlfield tag="008">890626s1988    gw       b    00000 ger d</controlfield><controlfield tag="001">9910000003503681</controlfield><datafield tag="020" ind1=" " ind2=" "><subfield code="a">3487090376</subfield></datafield><datafield tag="035" ind1=" " ind2=" "><subfield code="a">(OCoLC)ocm19684303</subfield></datafield><datafield tag="035" ind1=" " ind2=" "><subfield code="a">(OCoLC)19684303</subfield></datafield><datafield tag="035" ind1=" " ind2=" "><subfield code="a">(CStRLIN)PAUG89-B23230</subfield></datafield><datafield tag="035" ind1=" " ind2=" "><subfield code="a">(CaOTULAS)185174101</subfield></datafield><datafield tag="035" ind1=" " ind2=" "><subfield code="9">AGW9511</subfield></datafield><datafield tag="035" ind1=" " ind2=" "><subfield code="a">1000000</subfield></datafield><datafield tag="035" ind1=" " ind2=" "><subfield code="a">(PU)1000000-penndb-Voyager</subfield></datafield><datafield tag="040" ind1=" " ind2=" "><subfield code="a">NjP</subfield><subfield code="c">NjP</subfield></datafield><datafield tag="041" ind1="0" ind2=" "><subfield code="a">gereng</subfield></datafield><datafield tag="090" ind1=" " ind2=" "><subfield code="a">B491.E7</subfield><subfield code="b">S37 1988</subfield><subfield code="i">09/07/89 CTZ</subfield></datafield><datafield tag="245" ind1="0" ind2="0"><subfield code="a">Schriften zur aristotelischen Ethik /</subfield><subfield code="c">herausgegeben von Christian Mueller-Goldingen.</subfield></datafield><datafield tag="260" ind1="0" ind2=" "><subfield code="a">Hildesheim ;</subfield><subfield code="a">New York :</subfield><subfield code="b">Olms,</subfield><subfield code="c">1988.</subfield></datafield><datafield tag="300" ind1=" " ind2=" "><subfield code="a">xvii, 482 p. ;</subfield><subfield code="c">23 cm.</subfield></datafield><datafield tag="490" ind1="0" ind2=" "><subfield code="a">Olms Studien</subfield></datafield><datafield tag="500" ind1=" " ind2=" "><subfield code="a">In German and English.</subfield></datafield><datafield tag="504" ind1=" " ind2=" "><subfield code="a">Includes bibliographical references.</subfield></datafield><datafield tag="600" ind1="0" ind2="0"><subfield code="a">Aristotle</subfield><subfield code="x">Ethics.</subfield></datafield><datafield tag="650" ind1=" " ind2="0"><subfield code="a">Ethics</subfield></datafield><datafield tag="700" ind1="2" ind2=" "><subfield code="a">Mueller-Goldingen, Christian.</subfield></datafield><datafield tag="950" ind1=" " ind2=" "><subfield code="l">VPL</subfield><subfield code="i">09/07/89 C</subfield></datafield><datafield tag="955" ind1=" " ind2=" "><subfield code="l">VPL</subfield><subfield code="c">1</subfield><subfield code="q">89-B23230-1</subfield><subfield code="r">[01041 6738]</subfield><subfield code="i">09/07/89 C</subfield></datafield></record>