
<record><leader>01254cam a2200361 a 4500</leader><controlfield tag="005">20180816183115.0</controlfield><controlfield tag="008">890626s1988    nyu      b    00110 eng  </controlfield><controlfield tag="001">9910000013503681</controlfield><datafield tag="010" ind1=" " ind2=" "><subfield code="a">   88026070 </subfield></datafield><datafield tag="020" ind1=" " ind2=" "><subfield code="a">0824089928 (alk. paper)</subfield></datafield><datafield tag="035" ind1=" " ind2=" "><subfield code="a">(OCoLC)ocm18411411</subfield></datafield><datafield tag="035" ind1=" " ind2=" "><subfield code="a">(OCoLC)18411411</subfield></datafield><datafield tag="035" ind1=" " ind2=" "><subfield code="a">(CStRLIN)PAUG89-B23239</subfield></datafield><datafield tag="035" ind1=" " ind2=" "><subfield code="a">(CaOTULAS)185174102</subfield></datafield><datafield tag="035" ind1=" " ind2=" "><subfield code="9">AGW9512</subfield></datafield><datafield tag="035" ind1=" " ind2=" "><subfield code="a">1000001</subfield></datafield><datafield tag="035" ind1=" " ind2=" "><subfield code="a">(PU)1000001-penndb-Voyager</subfield></datafield><datafield tag="040" ind1=" " ind2=" "><subfield code="d">UPB</subfield></datafield><datafield tag="050" ind1="0" ind2="0"><subfield code="a">Z8153.45</subfield><subfield code="b">.E37 1988</subfield><subfield code="a">B3216.C34</subfield></datafield><datafield tag="082" ind1="0" ind2=" "><subfield code="a">016.193</subfield><subfield code="2">19</subfield></datafield><datafield tag="090" ind1=" " ind2=" "><subfield code="a">B3216.C34</subfield><subfield code="b">E37 1988</subfield><subfield code="i">09/07/89 CTZ</subfield></datafield><datafield tag="100" ind1="1" ind2=" "><subfield code="a">Eggers, Walter.</subfield></datafield><datafield tag="245" ind1="1" ind2="0"><subfield code="a">Ernst Cassirer :</subfield><subfield code="b">an annotated bibliography /</subfield><subfield code="c">Walter Eggers, Sigrid Mayer.</subfield></datafield><datafield tag="260" ind1="0" ind2=" "><subfield code="a">New York :</subfield><subfield code="b">Garland,</subfield><subfield code="c">1988.</subfield></datafield><datafield tag="300" ind1=" " ind2=" "><subfield code="a">xxiv, 483 p. ;</subfield><subfield code="c">23 cm.</subfield></datafield><datafield tag="440" ind1=" " ind2="0"><subfield code="a">Garland reference library of the humanities.</subfield><subfield code="v">vol. 475</subfield></datafield><datafield tag="490" ind1="1" ind2=" "><subfield code="a">Garland bibliographies of modern critics and critical schools ;</subfield><subfield code="v">vol. 13</subfield></datafield><datafield tag="500" ind1=" " ind2=" "><subfield code="a">Includes index.</subfield></datafield><datafield tag="600" ind1="1" ind2="0"><subfield code="a">Cassirer, Ernst,</subfield><subfield code="d">1874-1945</subfield><subfield code="x">Bibliography.</subfield></datafield><datafield tag="700" ind1="1" ind2=" "><subfield code="a">Mayer, Sigrid.</subfield></datafield><datafield tag="830" ind1=" " ind2="0"><subfield code="a">Garland bibliographies of modern critics and critical schools.</subfield><subfield code="v">v. 13.</subfield></datafield><datafield tag="950" ind1=" " ind2=" "><subfield code="l">VPL</subfield><subfield code="i">09/07/89 C</subfield></datafield><datafield tag="955" ind1=" " ind2=" "><subfield code="l">VPL</subfield><subfield code="c">1</subfield><subfield code="q">89-B23239-1</subfield><subfield code="r">[01040 7471]</subfield><subfield code="i">09/07/89 C</subfield></datafield></record>