
<record><leader>01197cam a22003738a 4500</leader><controlfield tag="005">20180816183115.0</controlfield><controlfield tag="008">890626s1989    ilu      br   00110 eng  </controlfield><controlfield tag="001">9910000023503681</controlfield><datafield tag="010" ind1=" " ind2=" "><subfield code="a">   88035094 </subfield></datafield><datafield tag="020" ind1=" " ind2=" "><subfield code="a">1556520514 :</subfield><subfield code="c">$11.95</subfield></datafield><datafield tag="035" ind1=" " ind2=" "><subfield code="a">(OCoLC)ocm19065705</subfield></datafield><datafield tag="035" ind1=" " ind2=" "><subfield code="a">(OCoLC)19065705</subfield></datafield><datafield tag="035" ind1=" " ind2=" "><subfield code="a">(CStRLIN)PAUG89-B23247</subfield></datafield><datafield tag="035" ind1=" " ind2=" "><subfield code="a">(CaOTULAS)185174103</subfield></datafield><datafield tag="035" ind1=" " ind2=" "><subfield code="9">AGW9513</subfield></datafield><datafield tag="035" ind1=" " ind2=" "><subfield code="a">1000002</subfield></datafield><datafield tag="035" ind1=" " ind2=" "><subfield code="a">(PU)1000002-penndb-Voyager</subfield></datafield><datafield tag="040" ind1=" " ind2=" "><subfield code="d">PU</subfield></datafield><datafield tag="050" ind1="0" ind2=" "><subfield code="a">HN49.V64</subfield><subfield code="b">M35 1989</subfield></datafield><datafield tag="082" ind1="0" ind2=" "><subfield code="a">910/.2/02</subfield><subfield code="2">19</subfield></datafield><datafield tag="090" ind1=" " ind2=" "><subfield code="a">HN49.V64</subfield><subfield code="b">M35 1989</subfield><subfield code="i">09/07/89 CTZ</subfield></datafield><datafield tag="100" ind1="1" ind2=" "><subfield code="a">McMillon, Bill,</subfield><subfield code="d">1942-</subfield></datafield><datafield tag="245" ind1="1" ind2="0"><subfield code="a">Volunteer vacations :</subfield><subfield code="b">a directory of short-term adventures that will benefit you...and others /</subfield><subfield code="c">Bill McMillon.</subfield></datafield><datafield tag="250" ind1=" " ind2=" "><subfield code="a">Rev. and expanded ed., 2nd ed.</subfield></datafield><datafield tag="260" ind1="0" ind2=" "><subfield code="a">Chicago, Ill. :</subfield><subfield code="b">Chicago Review Press,</subfield><subfield code="c">c1989.</subfield></datafield><datafield tag="263" ind1=" " ind2=" "><subfield code="a">8903</subfield></datafield><datafield tag="300" ind1=" " ind2=" "><subfield code="a">xiv, 280 p. :</subfield><subfield code="b">ill. ;</subfield><subfield code="c">22 cm.</subfield></datafield><datafield tag="500" ind1=" " ind2=" "><subfield code="a">Includes indexes.</subfield></datafield><datafield tag="504" ind1=" " ind2=" "><subfield code="a">Includes bibliographical references.</subfield></datafield><datafield tag="650" ind1=" " ind2="0"><subfield code="a">Voluntarism</subfield></datafield><datafield tag="650" ind1=" " ind2="0"><subfield code="a">Associations, institutions, etc</subfield><subfield code="x">Directories.</subfield></datafield><datafield tag="650" ind1=" " ind2="0"><subfield code="a">Vacations</subfield></datafield><datafield tag="950" ind1=" " ind2=" "><subfield code="l">REF</subfield><subfield code="i">09/07/89 C</subfield></datafield><datafield tag="955" ind1=" " ind2=" "><subfield code="l">REF</subfield><subfield code="c">1</subfield><subfield code="q">89-B23247-1</subfield><subfield code="i">09/07/89 C</subfield></datafield></record>