
<record><leader>01130cam a2200337 a 4500</leader><controlfield tag="005">20180816183115.0</controlfield><controlfield tag="008">890626s1989    nyu      b    00110 eng  </controlfield><controlfield tag="001">9910000033503681</controlfield><datafield tag="010" ind1=" " ind2=" "><subfield code="a">   88032767 </subfield></datafield><datafield tag="020" ind1=" " ind2=" "><subfield code="a">0824056434 (alk. paper)</subfield></datafield><datafield tag="035" ind1=" " ind2=" "><subfield code="a">(OCoLC)ocm18815709</subfield></datafield><datafield tag="035" ind1=" " ind2=" "><subfield code="a">(OCoLC)18815709</subfield></datafield><datafield tag="035" ind1=" " ind2=" "><subfield code="a">(CStRLIN)PAUG89-B23248</subfield></datafield><datafield tag="035" ind1=" " ind2=" "><subfield code="a">(CaOTULAS)185174104</subfield></datafield><datafield tag="035" ind1=" " ind2=" "><subfield code="9">AGW9514</subfield></datafield><datafield tag="035" ind1=" " ind2=" "><subfield code="a">1000003</subfield></datafield><datafield tag="035" ind1=" " ind2=" "><subfield code="a">(PU)1000003-penndb-Voyager</subfield></datafield><datafield tag="040" ind1=" " ind2=" "><subfield code="a">UPB</subfield><subfield code="c">UPB</subfield></datafield><datafield tag="050" ind1="0" ind2="0"><subfield code="a">Z6374.B5</subfield><subfield code="b">Z78 1989</subfield><subfield code="a">DS115</subfield></datafield><datafield tag="082" ind1="0" ind2=" "><subfield code="a">016.92/0092924</subfield><subfield code="2">19</subfield></datafield><datafield tag="090" ind1=" " ind2=" "><subfield code="a">DS115</subfield><subfield code="b">.Z82 1989</subfield><subfield code="i">09/06/89 CTZ</subfield></datafield><datafield tag="100" ind1="1" ind2=" "><subfield code="a">Zubatsky, David S.,</subfield><subfield code="d">1939-</subfield></datafield><datafield tag="245" ind1="1" ind2="0"><subfield code="a">Jewish autobiographies and biographies :</subfield><subfield code="b">an international bibliography of books and dissertations in English /</subfield><subfield code="c">David S. Zubatsky.</subfield></datafield><datafield tag="260" ind1="0" ind2=" "><subfield code="a">New York :</subfield><subfield code="b">Garland,</subfield><subfield code="c">1989.</subfield></datafield><datafield tag="300" ind1=" " ind2=" "><subfield code="a">x, 370 p. ;</subfield><subfield code="c">23 cm.</subfield></datafield><datafield tag="440" ind1=" " ind2="0"><subfield code="a">Garland reference library of the humanities.</subfield><subfield code="v">vol. 722</subfield></datafield><datafield tag="500" ind1=" " ind2=" "><subfield code="a">Includes index.</subfield></datafield><datafield tag="504" ind1=" " ind2=" "><subfield code="a">Bibliography: p. viii-x.</subfield></datafield><datafield tag="650" ind1=" " ind2="0"><subfield code="a">Jews</subfield><subfield code="x">Biography</subfield><subfield code="x">Bibliography.</subfield></datafield><datafield tag="950" ind1=" " ind2=" "><subfield code="l">REF</subfield><subfield code="i">09/06/89 C</subfield></datafield><datafield tag="955" ind1=" " ind2=" "><subfield code="l">REF</subfield><subfield code="c">1</subfield><subfield code="q">89-B23248-1</subfield><subfield code="i">09/06/89 C</subfield></datafield></record>