
<record><leader>02983cas a2200601 a 4500</leader><controlfield tag="005">20180816150732.0</controlfield><controlfield tag="008">820115d19782007enktr p       0   a0eng d</controlfield><controlfield tag="001">991000003503681</controlfield><datafield tag="010" ind1=" " ind2=" "><subfield code="a">   90649343 </subfield><subfield code="z">sc 82003205 </subfield></datafield><datafield tag="016" ind1="7" ind2=" "><subfield code="a">100966621</subfield><subfield code="2">DNLM</subfield></datafield><datafield tag="022" ind1=" " ind2=" "><subfield code="a">0141-867X</subfield><subfield code="y">0141-876X</subfield><subfield code="2">z</subfield></datafield><datafield tag="035" ind1=" " ind2=" "><subfield code="a">(OCoLC)ocm04144241</subfield></datafield><datafield tag="035" ind1=" " ind2=" "><subfield code="a">(OCoLC)4144241</subfield></datafield><datafield tag="035" ind1=" " ind2=" "><subfield code="a">(PU)100000-penndb-Voyager</subfield></datafield><datafield tag="040" ind1=" " ind2=" "><subfield code="a">EEM</subfield><subfield code="c">EEM</subfield><subfield code="d">YUS</subfield><subfield code="d">MUL</subfield><subfield code="d">HUL</subfield><subfield code="d">DLC</subfield><subfield code="d">NST</subfield><subfield code="d">AIP</subfield><subfield code="d">NST</subfield><subfield code="d">AIP</subfield><subfield code="d">NST</subfield><subfield code="d">IUL</subfield><subfield code="d">AIP</subfield><subfield code="d">NST</subfield><subfield code="d">NSD</subfield><subfield code="d">COO</subfield><subfield code="d">DLC</subfield><subfield code="d">NST</subfield><subfield code="d">DLC</subfield><subfield code="d">NSD</subfield><subfield code="d">NST</subfield><subfield code="d">NLM</subfield><subfield code="d">OCLCQ</subfield><subfield code="d">CUV</subfield><subfield code="d">LVB</subfield><subfield code="d">UIU</subfield><subfield code="d">CUI</subfield><subfield code="d">ZCU</subfield><subfield code="d">HUL</subfield><subfield code="d">DLC</subfield></datafield><datafield tag="042" ind1=" " ind2=" "><subfield code="a">lc</subfield></datafield><datafield tag="043" ind1=" " ind2=" "><subfield code="a">e------</subfield></datafield><datafield tag="049" ind1=" " ind2=" "><subfield code="a">PAUU</subfield></datafield><datafield tag="050" ind1="0" ind2="0"><subfield code="a">CB411</subfield><subfield code="b">.B74</subfield></datafield><datafield tag="082" ind1="0" ind2="0"><subfield code="a">940.2/53/05</subfield><subfield code="2">20</subfield></datafield><datafield tag="210" ind1="0" ind2=" "><subfield code="a">Br. j. eight. century stud.</subfield></datafield><datafield tag="222" ind1=" " ind2="0"><subfield code="a">British journal for eighteenth-century studies</subfield></datafield><datafield tag="245" ind1="0" ind2="4"><subfield code="a">The British journal for eighteenth-century studies.</subfield></datafield><datafield tag="246" ind1="3" ind2="0"><subfield code="a">British journal for 18th-century studies</subfield></datafield><datafield tag="246" ind1="3" ind2="0"><subfield code="a">British journal for eighteenth century studies</subfield></datafield><datafield tag="260" ind1=" " ind2=" "><subfield code="a">[Southampton] :</subfield><subfield code="b">British Society for Eighteenth-Century Studies</subfield></datafield><datafield tag="300" ind1=" " ind2=" "><subfield code="a">30 v. :</subfield><subfield code="b">ill. ;</subfield><subfield code="c">21 cm.</subfield></datafield><datafield tag="310" ind1=" " ind2=" "><subfield code="a">Three no. a year,</subfield><subfield code="b">2005-</subfield></datafield><datafield tag="321" ind1=" " ind2=" "><subfield code="a">Three no. a year,</subfield><subfield code="b">&lt;1979&gt;-1981</subfield></datafield><datafield tag="321" ind1=" " ind2=" "><subfield code="a">Semiannual,</subfield><subfield code="b">1982-2004</subfield></datafield><datafield tag="362" ind1="1" ind2=" "><subfield code="a">Began in spring 1978; ceased with v. 30, no. 3 (2007).</subfield></datafield><datafield tag="500" ind1=" " ind2=" "><subfield code="a">Vols. for 1980-&lt;1988&gt; distributed by Voltaire Foundation.</subfield></datafield><datafield tag="500" ind1=" " ind2=" "><subfield code="a">Description based on: Vol. 2, no. 1 (spring 1979); title from cover.</subfield></datafield><datafield tag="500" ind1=" " ind2=" "><subfield code="a">Final issue consulted.</subfield></datafield><datafield tag="530" ind1=" " ind2=" "><subfield code="a">Issued also on microfiche by Micromedia Division, Bell &amp; Howell Ltd., and online.</subfield></datafield><datafield tag="651" ind1=" " ind2="0"><subfield code="a">Europe</subfield><subfield code="x">Civilization</subfield><subfield code="y">18th century</subfield><subfield code="v">Periodicals.</subfield></datafield><datafield tag="650" ind1=" " ind2="6"><subfield code="a">Dix-huitième siècle</subfield><subfield code="v">Périodiques.</subfield></datafield><datafield tag="650" ind1=" " ind2="6"><subfield code="a">Civilisation</subfield><subfield code="y">18e siècle</subfield><subfield code="v">Périodiques.</subfield></datafield><datafield tag="710" ind1="2" ind2=" "><subfield code="a">British Society for Eighteenth-Century Studies.</subfield></datafield><datafield tag="776" ind1="1" ind2=" "><subfield code="c">Microfiche</subfield><subfield code="d">Micromedia Division, Bell &amp; Howell Ltd.</subfield><subfield code="w">(DLC)sf 90092090</subfield><subfield code="w">(OCoLC)21991709</subfield></datafield><datafield tag="776" ind1="1" ind2=" "><subfield code="t">British journal for eighteenth-century studies (Online)</subfield><subfield code="w">(OCoLC)60618091</subfield></datafield><datafield tag="780" ind1="0" ind2="0"><subfield code="a">British Society for Eighteenth-Century Studies.</subfield><subfield code="t">Newsletter -British Society for Eighteenth-Century Studies</subfield><subfield code="w">(OCoLC)4131036</subfield></datafield><datafield tag="785" ind1="0" ind2="0"><subfield code="t">Journal for eighteenth-century studies</subfield><subfield code="x">1754-0194</subfield><subfield code="w">(DLC)  2008235777</subfield><subfield code="w">(OCoLC)223475828</subfield></datafield><datafield tag="850" ind1=" " ind2=" "><subfield code="a">CLU</subfield><subfield code="a">CU-I</subfield><subfield code="a">CaOLU</subfield><subfield code="a">CaOTU</subfield><subfield code="a">CtU</subfield><subfield code="a">CtY</subfield><subfield code="a">DLC</subfield><subfield code="a">DeU</subfield><subfield code="a">FU</subfield><subfield code="a">GEU</subfield><subfield code="a">ICarbs</subfield><subfield code="a">InU</subfield><subfield code="a">LU</subfield><subfield code="a">MH</subfield><subfield code="a">MiDW</subfield><subfield code="a">MiEM</subfield><subfield code="a">MoU</subfield><subfield code="a">NIC</subfield><subfield code="a">NNC</subfield><subfield code="a">NRU</subfield><subfield code="a">NcD</subfield><subfield code="a">OCU</subfield><subfield code="a">OU</subfield><subfield code="a">PSt</subfield><subfield code="a">PU</subfield><subfield code="a">TxLT</subfield><subfield code="a">WU</subfield><subfield code="a">WaU</subfield></datafield><datafield tag="950" ind1=" " ind2=" "><subfield code="l">VPL</subfield><subfield code="e">104\\Current\rec'd\</subfield><subfield code="v">v.1(1978)-</subfield><subfield code="z">Currently received. Unbound issues in Current Periodicals</subfield><subfield code="h">06/11/86 C</subfield><subfield code="h">10/25/85 C</subfield><subfield code="h">06/28/84 C</subfield><subfield code="h">05/17/83 N ?105:rsl</subfield><subfield code="h">10/21/82 C</subfield><subfield code="h">02/03/82 N</subfield><subfield code="h">01/15/82 C</subfield></datafield><datafield tag="955" ind1=" " ind2=" "><subfield code="l">VPL</subfield><subfield code="c">1:v.1 1978</subfield><subfield code="q">ser. Per.</subfield><subfield code="h">01/15/82 C</subfield></datafield><datafield tag="955" ind1=" " ind2=" "><subfield code="l">VPL</subfield><subfield code="c">1:v.2 1979</subfield><subfield code="h">01/15/82 C</subfield></datafield><datafield tag="955" ind1=" " ind2=" "><subfield code="l">VPL</subfield><subfield code="c">1:v.3 1980</subfield><subfield code="h">10/21/82 C</subfield></datafield><datafield tag="955" ind1=" " ind2=" "><subfield code="l">VPL</subfield><subfield code="c">1:v.4 1981</subfield><subfield code="h">05/04/83 C</subfield></datafield><datafield tag="955" ind1=" " ind2=" "><subfield code="l">VPL</subfield><subfield code="c">1:(v.5-6 1982-83)</subfield><subfield code="h">06/28/84 C</subfield></datafield><datafield tag="955" ind1=" " ind2=" "><subfield code="l">VPL</subfield><subfield code="c">1:v.7 1984</subfield><subfield code="h">10/25/85 C</subfield></datafield><datafield tag="955" ind1=" " ind2=" "><subfield code="l">VPL</subfield><subfield code="c">1:v.8 1985</subfield><subfield code="h">06/11/86 C</subfield></datafield><datafield tag="994" ind1=" " ind2=" "><subfield code="a">C0</subfield><subfield code="b">PAU</subfield></datafield></record>