
<record><leader>01452cam a2200337 a 4500</leader><controlfield tag="005">20180816183115.0</controlfield><controlfield tag="008">890627s1989    miua     b    10010 eng d</controlfield><controlfield tag="001">9910000043503681</controlfield><datafield tag="020" ind1=" " ind2=" "><subfield code="a">0876502524</subfield></datafield><datafield tag="035" ind1=" " ind2=" "><subfield code="a">(OCoLC)ocm20435309</subfield></datafield><datafield tag="035" ind1=" " ind2=" "><subfield code="a">(OCoLC)20435309</subfield></datafield><datafield tag="035" ind1=" " ind2=" "><subfield code="a">(CStRLIN)PAUG89-B23411</subfield></datafield><datafield tag="035" ind1=" " ind2=" "><subfield code="a">(CaOTULAS)185174105</subfield></datafield><datafield tag="035" ind1=" " ind2=" "><subfield code="9">AGW9515</subfield></datafield><datafield tag="035" ind1=" " ind2=" "><subfield code="a">1000004</subfield></datafield><datafield tag="035" ind1=" " ind2=" "><subfield code="a">(PU)1000004-penndb-Voyager</subfield></datafield><datafield tag="040" ind1=" " ind2=" "><subfield code="a">IaU</subfield><subfield code="c">IaU</subfield></datafield><datafield tag="090" ind1=" " ind2=" "><subfield code="a">Z711.2</subfield><subfield code="b">.L7325 1987</subfield><subfield code="i">09/06/89 CTZ</subfield></datafield><datafield tag="111" ind1="2" ind2=" "><subfield code="a">Library Instruction Conference.</subfield><subfield code="n">(14th :</subfield><subfield code="d">1987 :</subfield><subfield code="c">Ohio State University)</subfield></datafield><datafield tag="245" ind1="1" ind2="0"><subfield code="a">Defining and applying effective teaching strategies for library instruction :</subfield><subfield code="b">papers presented at the fourteenth Library Instruction Conference held at Ohio State University, 7 &amp; 8 May 1987 /</subfield><subfield code="c">edited by Mary Beth Bunge and Teresa B. Mensching.</subfield></datafield><datafield tag="260" ind1="0" ind2=" "><subfield code="a">Ann Arbor, Mich. :</subfield><subfield code="b">Published for Learning Resources and Technologies, Eastern Michigan University by Pierian Press,</subfield><subfield code="c">1989.</subfield></datafield><datafield tag="300" ind1=" " ind2=" "><subfield code="a">vii, 133 p. :</subfield><subfield code="b">ill. ;</subfield><subfield code="c">28 cm.</subfield></datafield><datafield tag="490" ind1="1" ind2=" "><subfield code="a">Library orientation series ;</subfield><subfield code="v">no. 18</subfield></datafield><datafield tag="504" ind1=" " ind2=" "><subfield code="a">Bibliography: p. 116-124.</subfield></datafield><datafield tag="650" ind1=" " ind2="0"><subfield code="a">Library orientation</subfield><subfield code="v">Congresses.</subfield></datafield><datafield tag="700" ind1="1" ind2=" "><subfield code="a">Bunge, Mary Beth.</subfield></datafield><datafield tag="700" ind1="1" ind2=" "><subfield code="a">Mensching, Teresa B.</subfield></datafield><datafield tag="710" ind1="2" ind2=" "><subfield code="a">Eastern Michigan University.</subfield><subfield code="b">Learning Resources and Technologies.</subfield></datafield><datafield tag="830" ind1=" " ind2="0"><subfield code="a">Library orientation series.</subfield><subfield code="v">v. 18.</subfield></datafield><datafield tag="950" ind1=" " ind2=" "><subfield code="l">VPL</subfield><subfield code="i">09/06/89 C</subfield></datafield><datafield tag="955" ind1=" " ind2=" "><subfield code="l">VPL</subfield><subfield code="c">1</subfield><subfield code="q">89-B23411-1</subfield><subfield code="r">[01040 5293]</subfield><subfield code="i">09/06/89 C</subfield></datafield></record>