
<record><leader>01400cam a2200325 a 4500</leader><controlfield tag="005">20180816110030.0</controlfield><controlfield tag="008">890627s1988    miua     b    10000 eng d</controlfield><controlfield tag="001">9910000053503681</controlfield><datafield tag="020" ind1=" " ind2=" "><subfield code="a">0876502508</subfield></datafield><datafield tag="035" ind1=" " ind2=" "><subfield code="a">(OCoLC)ocm20894130</subfield></datafield><datafield tag="035" ind1=" " ind2=" "><subfield code="a">(OCoLC)20894130</subfield></datafield><datafield tag="035" ind1=" " ind2=" "><subfield code="a">(CStRLIN)PAUG89-B23412</subfield></datafield><datafield tag="035" ind1=" " ind2=" "><subfield code="a">(CaOTULAS)185174106</subfield></datafield><datafield tag="035" ind1=" " ind2=" "><subfield code="9">AGW9516</subfield></datafield><datafield tag="035" ind1=" " ind2=" "><subfield code="a">1000005</subfield></datafield><datafield tag="035" ind1=" " ind2=" "><subfield code="a">(PU)1000005-penndb-Voyager</subfield></datafield><datafield tag="040" ind1=" " ind2=" "><subfield code="a">IaU</subfield><subfield code="c">IaU</subfield></datafield><datafield tag="090" ind1=" " ind2=" "><subfield code="a">Z699</subfield><subfield code="b">.T34 1988</subfield><subfield code="i">09/06/89 CTZ</subfield></datafield><datafield tag="245" ind1="0" ind2="0"><subfield code="a">Teaching the online catalog user /</subfield><subfield code="c">edited by Carolyn Kirkendall.</subfield></datafield><datafield tag="260" ind1="0" ind2=" "><subfield code="a">Ann Arbor, Mich. :</subfield><subfield code="b">Published for the Center of Educational Resources, Eastern Michigan University by Pieran Press,</subfield><subfield code="c">1988.</subfield></datafield><datafield tag="300" ind1=" " ind2=" "><subfield code="a">vii, 256 p. :</subfield><subfield code="b">ill. ;</subfield><subfield code="c">28 cm.</subfield></datafield><datafield tag="490" ind1="1" ind2=" "><subfield code="a">Library orientation series ;</subfield><subfield code="v">no. 16</subfield></datafield><datafield tag="500" ind1=" " ind2=" "><subfield code="a">"Papers and work session notes presented at the second Biennial LOEX Library Instruction Workshop held at Eastern Michigan University, 9 &amp; 10 May 1985 and numerous examples of current instructional materials collected in late 1987."</subfield></datafield><datafield tag="504" ind1=" " ind2=" "><subfield code="a">Bibliography: p. 227-248.</subfield></datafield><datafield tag="650" ind1=" " ind2="0"><subfield code="a">Online library catalogs</subfield><subfield code="x">User education.</subfield></datafield><datafield tag="700" ind1="1" ind2=" "><subfield code="a">Kirkendall, Carolyn A.</subfield></datafield><datafield tag="710" ind1="2" ind2=" "><subfield code="a">Eastern Michigan University.</subfield><subfield code="b">Center of Educational Resources.</subfield></datafield><datafield tag="830" ind1=" " ind2="0"><subfield code="a">Library orientation series.</subfield><subfield code="v">v. 16.</subfield></datafield><datafield tag="950" ind1=" " ind2=" "><subfield code="l">VPL</subfield><subfield code="i">09/06/89 C</subfield></datafield><datafield tag="955" ind1=" " ind2=" "><subfield code="l">VPL</subfield><subfield code="c">1</subfield><subfield code="q">89-B23412-1</subfield><subfield code="r">[01040 5699]</subfield><subfield code="i">09/06/89 C</subfield></datafield></record>