
<record><leader>01090cam a2200349 a 4500</leader><controlfield tag="005">20180816183115.0</controlfield><controlfield tag="008">890627s1989    maua     b    00110 eng  </controlfield><controlfield tag="001">9910000063503681</controlfield><datafield tag="010" ind1=" " ind2=" "><subfield code="a">   88037315 </subfield></datafield><datafield tag="020" ind1=" " ind2=" "><subfield code="a">0805779981</subfield></datafield><datafield tag="020" ind1=" " ind2=" "><subfield code="a">0805780475 (pbk.)</subfield></datafield><datafield tag="035" ind1=" " ind2=" "><subfield code="a">(OCoLC)ocm18834791</subfield></datafield><datafield tag="035" ind1=" " ind2=" "><subfield code="a">(OCoLC)18834791</subfield></datafield><datafield tag="035" ind1=" " ind2=" "><subfield code="a">(CStRLIN)PAUG89-B23436</subfield></datafield><datafield tag="035" ind1=" " ind2=" "><subfield code="a">(CaOTULAS)185174107</subfield></datafield><datafield tag="035" ind1=" " ind2=" "><subfield code="9">AGW9517</subfield></datafield><datafield tag="035" ind1=" " ind2=" "><subfield code="a">1000006</subfield></datafield><datafield tag="035" ind1=" " ind2=" "><subfield code="a">(PU)1000006-penndb-Voyager</subfield></datafield><datafield tag="040" ind1=" " ind2=" "><subfield code="d">NhD</subfield><subfield code="d">NjR</subfield></datafield><datafield tag="050" ind1="0" ind2=" "><subfield code="a">PS3537.T3234</subfield><subfield code="b">G88 1989</subfield></datafield><datafield tag="082" ind1="0" ind2=" "><subfield code="a">813/.52</subfield><subfield code="2">19</subfield></datafield><datafield tag="090" ind1=" " ind2=" "><subfield code="a">PS3537.T3234</subfield><subfield code="b">G88 1989</subfield><subfield code="i">09/07/89 CTZ</subfield></datafield><datafield tag="100" ind1="1" ind2=" "><subfield code="a">Owens, Louis.</subfield></datafield><datafield tag="245" ind1="1" ind2="4"><subfield code="a">The grapes of wrath :</subfield><subfield code="b">trouble in the promised land /</subfield><subfield code="c">Louis Owens.</subfield></datafield><datafield tag="260" ind1="0" ind2=" "><subfield code="a">Boston :</subfield><subfield code="b">Twayne,</subfield><subfield code="c">c1989.</subfield></datafield><datafield tag="300" ind1=" " ind2=" "><subfield code="a">xv, 121 p. :</subfield><subfield code="b">ill. ;</subfield><subfield code="c">23 cm.</subfield></datafield><datafield tag="440" ind1=" " ind2="0"><subfield code="a">Twayne's masterwork studies.</subfield><subfield code="v">no. 27</subfield></datafield><datafield tag="500" ind1=" " ind2=" "><subfield code="a">Includes index.</subfield></datafield><datafield tag="504" ind1=" " ind2=" "><subfield code="a">Bibliography: p. 111-117.</subfield></datafield><datafield tag="600" ind1="1" ind2="0"><subfield code="a">Steinbeck, John,</subfield><subfield code="d">1902-1968.</subfield><subfield code="t">Grapes of wrath.</subfield></datafield><datafield tag="950" ind1=" " ind2=" "><subfield code="l">VPL</subfield><subfield code="i">09/07/89 C</subfield></datafield><datafield tag="955" ind1=" " ind2=" "><subfield code="l">VPL</subfield><subfield code="c">1</subfield><subfield code="q">89-B23436-1</subfield><subfield code="r">[01010 2544]</subfield><subfield code="i">09/07/89 C</subfield></datafield></record>
</collection>